<marc:collection xmlns:marc="http://www.loc.gov/MARC21/slim" xmlns:xsi="http://www.w3.org/2001/XMLSchema-instance" xsi:schemaLocation="http://www.loc.gov/MARC21/slim http://www.loc.gov/standards/marcxml/schema/MARC21slim.xsd">
    <marc:record type="Bibliographic">
        <marc:leader>01817cem a22003733a 4500</marc:leader>
        <marc:controlfield tag="001">6831375</marc:controlfield>
        <marc:controlfield tag="005">20141202103252.0</marc:controlfield>
        <marc:controlfield tag="008">110422s1945    xx z   cu a     0   eng d</marc:controlfield>
        <marc:datafield tag="034" ind1="1" ind2=" ">
            <marc:subfield code="a">a</marc:subfield>
            <marc:subfield code="b">7500</marc:subfield>
            <marc:subfield code="d">121.716667</marc:subfield>
            <marc:subfield code="e">121.75</marc:subfield>
            <marc:subfield code="f">24.766667</marc:subfield>
            <marc:subfield code="g">24.716667</marc:subfield>
        </marc:datafield>
        <marc:datafield tag="035" ind1=" " ind2=" ">
            <marc:subfield code="a">(NjP Geomap) 65564</marc:subfield>
        </marc:datafield>
        <marc:datafield tag="040" ind1=" " ind2=" ">
            <marc:subfield code="c">NjP</marc:subfield>
        </marc:datafield>
        <marc:datafield tag="041" ind1="0" ind2=" ">
            <marc:subfield code="a">eng</marc:subfield>
        </marc:datafield>
        <marc:datafield tag="245" ind1="0" ind2="0">
            <marc:subfield code="a">Giran, Formosa (Taiwan), Taihoku Shu. A.M.S. L991</marc:subfield>
            <marc:subfield code="h">[cartographic material].</marc:subfield>
        </marc:datafield>
        <marc:datafield tag="250" ind1=" " ind2=" ">
            <marc:subfield code="a">1st ed.</marc:subfield>
        </marc:datafield>
        <marc:datafield tag="255" ind1=" " ind2=" ">
            <marc:subfield code="a">Scale 1:7,500</marc:subfield>
            <marc:subfield code="b">Polyconic proj.</marc:subfield>
            <marc:subfield code="c">(E 121°43ʹ--E 121°45ʹ/N 24°46ʹ--N 24°43ʹ)</marc:subfield>
        </marc:datafield>
        <marc:datafield tag="260" ind1=" " ind2=" ">
            <marc:subfield code="a">Washington, D.C. :</marc:subfield>
            <marc:subfield code="b">Army Map Service, U.S. Army,</marc:subfield>
            <marc:subfield code="c">1945.</marc:subfield>
        </marc:datafield>
        <marc:datafield tag="490" ind1="0" ind2=" ">
            <marc:subfield code="a">United States. Army Map Service. Series A.M.S. ;</marc:subfield>
            <marc:subfield code="v">L991</marc:subfield>
        </marc:datafield>
        <marc:datafield tag="500" ind1=" " ind2=" ">
            <marc:subfield code="a">AMS 1.</marc:subfield>
        </marc:datafield>
        <marc:datafield tag="500" ind1=" " ind2=" ">
            <marc:subfield code="a">North Decimal Degree 24.766667.</marc:subfield>
        </marc:datafield>
        <marc:datafield tag="500" ind1=" " ind2=" ">
            <marc:subfield code="a">South Decimal Degree 24.716667.</marc:subfield>
        </marc:datafield>
        <marc:datafield tag="500" ind1=" " ind2=" ">
            <marc:subfield code="a">East Decimal Degree 121.750000.</marc:subfield>
        </marc:datafield>
        <marc:datafield tag="500" ind1=" " ind2=" ">
            <marc:subfield code="a">West Decimal Degree 121.716667.</marc:subfield>
        </marc:datafield>
        <marc:datafield tag="500" ind1=" " ind2=" ">
            <marc:subfield code="a">Alternate title: Giran. In upper left margin: Formosa city plans 1:7,500. Polyconic projection. Relief given by 10 meter contour intervals and spot elevations. Compiled in 1945 from aerial photography dated October 1944, by photo-planimetric methods and by reference to Formosa 1:25,000, A.M.S. Sheets, 2421-III SE., 2421-III NE., 2421-II NW., 2421-II SW., all of 1944. Additional information from intelligence data. Place names are transcribed according to the modified Hepburn (Romaji) System. With a glossary. Name has been changed to Ilan.</marc:subfield>
        </marc:datafield>
        <marc:datafield tag="546" ind1=" " ind2=" ">
            <marc:subfield code="a">In English.</marc:subfield>
        </marc:datafield>
        <marc:datafield tag="653" ind1=" " ind2="0">
            <marc:subfield code="a">City plan</marc:subfield>
        </marc:datafield>
        <marc:datafield tag="650" ind1=" " ind2="0">
            <marc:subfield code="a">Topographic maps.</marc:subfield>
        </marc:datafield>
        <marc:datafield tag="651" ind1=" " ind2="0">
            <marc:subfield code="a">Taiwan</marc:subfield>
            <marc:subfield code="v">Maps.</marc:subfield>
        </marc:datafield>
        <marc:datafield tag="651" ind1=" " ind2="7">
            <marc:subfield code="a">Taiwan--Giran.</marc:subfield>
            <marc:subfield code="2">local</marc:subfield>
        </marc:datafield>
        <marc:datafield tag="651" ind1=" " ind2="7">
            <marc:subfield code="a">Formosa--Giran.</marc:subfield>
            <marc:subfield code="2">local</marc:subfield>
        </marc:datafield>
        <marc:datafield tag="651" ind1=" " ind2="7">
            <marc:subfield code="a">Taiwan--Taihoku Shu.</marc:subfield>
            <marc:subfield code="2">local</marc:subfield>
        </marc:datafield>
        <marc:datafield tag="651" ind1=" " ind2="7">
            <marc:subfield code="a">Ilan Co.</marc:subfield>
            <marc:subfield code="2">local</marc:subfield>
        </marc:datafield>
        <marc:datafield tag="651" ind1=" " ind2="7">
            <marc:subfield code="a">Taiwan--I-lan-hsien.</marc:subfield>
            <marc:subfield code="2">local</marc:subfield>
        </marc:datafield>
        <marc:datafield tag="852" ind1="8" ind2=" ">
            <marc:subfield code="b">scimcm</marc:subfield>
            <marc:subfield code="h">G7914.I4C2.1945.A7M3</marc:subfield>
        </marc:datafield>
        <marc:datafield tag="856" ind1="4" ind2=" ">
            <marc:subfield code="u">http://gisserver.princeton.edu/map/1016</marc:subfield>
        </marc:datafield>
    </marc:record>
    <marc:record type="Holdings">
        <marc:leader>00185nx  a22000851  4500</marc:leader>
        <marc:controlfield tag="001">6753683</marc:controlfield>
        <marc:controlfield tag="004">6831375</marc:controlfield>
        <marc:controlfield tag="005">20110927215509.0</marc:controlfield>
        <marc:controlfield tag="008">1109270u||||8|||4001uu|||0000000</marc:controlfield>
        <marc:datafield tag="852" ind1="8" ind2=" ">
            <marc:subfield code="b">scimcm</marc:subfield>
            <marc:subfield code="h">G7914.I4C2.1945.A7M3</marc:subfield>
        </marc:datafield>
    </marc:record>
    <marc:record type="Holdings">
        <marc:leader>00182nx  a22000854  4500</marc:leader>
        <marc:controlfield tag="001">7315449</marc:controlfield>
        <marc:controlfield tag="004">6831375</marc:controlfield>
        <marc:controlfield tag="005">20130513134423.0</marc:controlfield>
        <marc:controlfield tag="008">1305134u    8   1001uu   0901128</marc:controlfield>
        <marc:datafield tag="852" ind1="8" ind2=" ">
            <marc:subfield code="b">elf1</marc:subfield>
            <marc:subfield code="h">Electronic Resource</marc:subfield>
        </marc:datafield>
    </marc:record>
</marc:collection>
